@article{Pesch2013,
  doi = {10.1242/dev.094698},
  url = {https://doi.org/10.1242/dev.094698},
  year = {2013},
  month = aug,
  publisher = {The Company of Biologists},
  volume = {140},
  number = {16},
  pages = {3456--3467},
  author = {Martina Pesch and Ilka Schulthei{\ss} and Simona Digiuni and Joachim F. Uhrig and Martin H\"{u}lskamp},
  title = {Mutual control of intracellular localisation of the patterning proteins {AtMYC}1,  {GL}1 and {TRY}/{CPC} in...},
  journal = {Development}
}

@article{McKay1979,
  doi = {10.2307/1268522},
  url = {https://doi.org/10.2307/1268522},
  year = {1979},
  month = may,
  publisher = {{JSTOR}},
  volume = {21},
  number = {2},
  pages = {239},
  author = {M. D. McKay and R. J. Beckman and W. J. Conover},
  title = {A Comparison of Three Methods for Selecting Values of Input Variables in the Analysis of Output from a Computer Code},
  journal = {Technometrics}
}

@misc{wiki:Latin_hypercube_sampling,
   author = "Wikipedia",
   title = "{Latin hypercube sampling} --- {W}ikipedia{,} The Free Encyclopedia",
   year = "2022",
   howpublished = {\url{http://en.wikipedia.org/w/index.php?title=Latin\%20hypercube\%20sampling&oldid=1061603486}},
   note = "[Online; accessed 23-June-2022]"
 }