@book{Nilsson1965,
    title     = "Learning machines",
    author    = "Nilsson, Nils J.",
    year      = 1965,
    publisher = "McGraw-Hill",
    url       = {https://openlibrary.org/books/OL5908236M/Learning_machines}
}

@book{Mitchell1997,
    title     = "Machine Learning",
    author    = "Tom M. Mitchell",
    year      = 1997,
    publisher = "McGraw-Hill"
}

@article{McCulloch1943,
    doi = {10.1007/bf02478259},
    url = {https://doi.org/10.1007/bf02478259},
    year = {1943},
    month = dec,
    publisher = {Springer Science and Business Media {LLC}},
    volume = {5},
    number = {4},
    pages = {115--133},
    author = {Warren S. McCulloch and Walter Pitts},
    title = {A logical calculus of the ideas immanent in nervous activity},
    journal = {The Bulletin of Mathematical Biophysics}
}

@article{Hinton2006,
    doi = {10.1162/neco.2006.18.7.1527},
    url = {https://doi.org/10.1162/neco.2006.18.7.1527},
    year = {2006},
    month = jul,
    publisher = {{MIT} Press - Journals},
    volume = {18},
    number = {7},
    pages = {1527--1554},
    author = {Geoffrey E. Hinton and Simon Osindero and Yee-Whye Teh},
    title = {A Fast Learning Algorithm for Deep Belief Nets},
    journal = {Neural Computation}
}

@online{Mewara2020,
    author = {Sandeep Mewara},
    title = {codeproject.com/},
    year = 2020,
    url = {https://www.codeproject.com/Articles/5289602/Quick-Look-into-Machine-Learning-Workflow},
    urldate = {2022-06-29}
}

@online{Tripathi2020,
    author = {Mayank Tripathi},
    title = {Underfitting and Overfitting in Machine Learning},
    year = 2020,
    url = {https://datascience.foundation/sciencewhitepaper/underfitting-and-overfitting-in-machine-learning},
    urldate = {2022-06-29}
}

@online{Skbkekas2009,
    author = {Skbkekas},
    title = {Polynomial regression},
    year = 2009,
    url = {https://commons.wikimedia.org/wiki/File:Polyreg_scheffe.svg},
    urldate = {2022-06-29}
}

@online{Larhmam2018,
    author = {Larhmam},
    title = {Support Vector Machine},
    year = 2018,
    url = {https://commons.wikimedia.org/wiki/File:SVM_margin.png},
    urldate = {2022-06-29}
}

@online{IBM2020,
    author = {IBM Cloud Education},
    title = {Neural Networks},
    year = 2020,
    url = {https://www.ibm.com/cloud/learn/neural-networks},
    urldate = {2022-06-29}
}

}